@inproceedings{ThematicEmerge,
 author = {Hargood, Charlie and Millard, David E. and Weal, Mark J.},
 title = {A Thematic Approach to Emerging Narrative Structure},
 booktitle = {Proceedings of the Hypertext 2008 Workshop on Collaboration and Collective Intelligence},
 series = {WebScience '08},
 year = {2008},
 isbn = {978-1-60558-171-2},
 location = {Pittsburgh, PA, USA},
 pages = {41--45},
 numpages = {5},
 url = {http://doi.acm.org/10.1145/1379157.1379168},
 doi = {10.1145/1379157.1379168},
 acmid = {1379168},
 publisher = {ACM},
 address = {New York, NY, USA},
 keywords = {emergent structures, narrative, narrative generation, thematics},
}

@inproceedings{Inferences,
	author = {Niehaus, James and Young, R. Michael},
	title = {A Method for Generating Narrative Discourse to Prompt Inferences},
	booktitle = {Proceedings of the Intelligent Narrative Technologies III Workshop},
	series = {INT3 '10},
	year = {2010},
	isbn = {978-1-4503-0022-3},
	location = {Monterey, California},
	pages = {7:1--7:8},
	articleno = {7},
	numpages = {8},
	url = {http://doi.acm.org/10.1145/1822309.1822316},
	doi = {10.1145/1822309.1822316},
	acmid = {1822316},
	publisher = {ACM},
	address = {New York, NY, USA},
	keywords = {cognitive models of discourse comprehension, discourse generation, inferencing, narrative generation},
}

@inproceedings{GeneticApproach,
	author = {Ong, TeongJoo and Leggett, John J.},
	title = {A Genetic Algorithm Approach to Interactive Narrative Generation},
	booktitle = {Proceedings of the Fifteenth ACM Conference on Hypertext and Hypermedia},
	series = {HYPERTEXT '04},
	year = {2004},
	isbn = {1-58113-848-2},
	location = {Santa Cruz, CA, USA},
	pages = {181--182},
	numpages = {2},
	url = {http://doi.acm.org/10.1145/1012807.1012856},
	doi = {10.1145/1012807.1012856},
	acmid = {1012856},
	publisher = {ACM},
	address = {New York, NY, USA},
	keywords = {genetic algorithms, interactive narrative, storytelling engines},
}

@inproceedings{NonLinearity,
	author = {Chilukuri, Vinay and Indurkhya, Bipin},
	title = {An Algorithm to Generate Engaging Narratives Through Non-linearity},
	booktitle = {Proceedings of the 22Nd ACM Conference on Hypertext and Hypermedia},
	series = {HT '11},
	year = {2011},
	isbn = {978-1-4503-0256-2},
	location = {Eindhoven, The Netherlands},
	pages = {291--298},
	numpages = {8},
	url = {http://doi.acm.org/10.1145/1995966.1996004},
	doi = {10.1145/1995966.1996004},
	acmid = {1996004},
	publisher = {ACM},
	address = {New York, NY, USA},
	keywords = {cognitive model, engagement, event-indexing model, narrative comprehension, narrative generation, non-linear narrative, processing load},
}

@inproceedings{RelationshipMap,
	author = {Porteous, Julie and Charles, Fred and Cavazza, Marc},
	title = {NetworkING: Using Character Relationships for Interactive Narrative Generation},
	booktitle = {Proceedings of the 2013 International Conference on Autonomous Agents and Multi-agent Systems},
	series = {AAMAS '13},
	year = {2013},
	isbn = {978-1-4503-1993-5},
	location = {St. Paul, MN, USA},
	pages = {595--602},
	numpages = {8},
	url = {http://dl.acm.org/citation.cfm?id=2484920.2485015},
	acmid = {2485015},
	publisher = {International Foundation for Autonomous Agents and Multiagent Systems},
	address = {Richland, SC},
	keywords = {interactive storytelling, narrative modeling, planning},
}

@inproceedings{MCTSApproach,
	author = {Kartal, Bilal and Koenig, John and Guy, Stephen J.},
	title = {User-driven Narrative Variation in Large Story Domains Using Monte Carlo Tree Search},
	booktitle = {Proceedings of the 2014 International Conference on Autonomous Agents and Multi-agent Systems},
	series = {AAMAS '14},
	year = {2014},
	isbn = {978-1-4503-2738-1},
	location = {Paris, France},
	pages = {69--76},
	numpages = {8},
	url = {http://dl.acm.org/citation.cfm?id=2615731.2615746},
	acmid = {2615746},
	publisher = {International Foundation for Autonomous Agents and Multiagent Systems},
	address = {Richland, SC},
	keywords = {exploration versus exploitation, mcts, monte carlo tree search, ucb, upper confidence bounds},
}

@inproceedings{EvoGrammars,
	author = {Albarrac\'{\i}n-Molina, David Daniel and Moya, Juan C. and Vico, Francisco J.},
	title = {An Evo-Devo System for Algorithmic Composition That Actually Works},
	booktitle = {Proceedings of the 2016 on Genetic and Evolutionary Computation Conference Companion},
	series = {GECCO '16 Companion},
	year = {2016},
	isbn = {978-1-4503-4323-7},
	location = {Denver, Colorado, USA},
	pages = {37--38},
	numpages = {2},
	url = {http://doi.acm.org/10.1145/2908961.2909023},
	doi = {10.1145/2908961.2909023},
	acmid = {2909023},
	publisher = {ACM},
	address = {New York, NY, USA},
	keywords = {art and music, evolution strategies, fitness evaluation, generative systems, indirect encoding},
} 